<?xml version="1.0" encoding="UTF-8"?><collection><record><leader>03257ntm a2200457 a 4500</leader><controlfield tag="001">002594325</controlfield><controlfield tag="003">MiAaHDL</controlfield><controlfield tag="005">20190719000000.0</controlfield><controlfield tag="006">m        d        </controlfield><controlfield tag="007">cr bn ---auaua</controlfield><controlfield tag="008">930210q15901591xx            00||  ara d</controlfield><datafield tag="035" ind1=" " ind2=" "><subfield code="a">(MiU)002594325</subfield></datafield><datafield tag="035" ind1=" " ind2=" "><subfield code="a">sdr-miu002594325</subfield></datafield><datafield tag="035" ind1=" " ind2=" "><subfield code="a">(OCoLC)34365733</subfield></datafield><datafield tag="035" ind1=" " ind2=" "><subfield code="a">(RLIN)MIUH93-A14</subfield></datafield><datafield tag="040" ind1=" " ind2=" "><subfield code="a">MiU</subfield><subfield code="c">MiU</subfield><subfield code="e">appm</subfield><subfield code="d">MiU</subfield></datafield><datafield tag="100" ind1="1" ind2=" "><subfield code="6">880-01</subfield><subfield code="a">Ḥaṭṭāb, Yaḥyá ibn Muḥammad,</subfield><subfield code="d">1496 or 1497-1586 or 1587.</subfield></datafield><datafield tag="245" ind1="1" ind2="0"><subfield code="6">880-02</subfield><subfield code="a">Mukhtaṣar silk al-durrayn fī ḥall al-nayyirayn :</subfield><subfield code="b">wa-istikhrāj al-ahlah wa-ḥall al-ʻuqdatayn :</subfield><subfield code="k">manuscript,</subfield><subfield code="f">[1590 or 1].</subfield></datafield><datafield tag="300" ind1=" " ind2=" "><subfield code="a">1</subfield><subfield code="f">v. ([46] p.) ;</subfield><subfield code="c">27 cm.</subfield></datafield><datafield tag="500" ind1=" " ind2=" "><subfield code="a">Watermarks: Crown; crown with 6-pointed star and crescent.</subfield></datafield><datafield tag="500" ind1=" " ind2=" "><subfield code="a">Contains short tables.</subfield></datafield><datafield tag="500" ind1=" " ind2=" "><subfield code="a">Text and marginal notes rubricated; text bordered in red; marginal notes and corrections in hand of copyist and others.</subfield></datafield><datafield tag="500" ind1=" " ind2=" "><subfield code="a">Date and author's name in colophon: sanat 999 tamma kitāb Mukhtaṣar silk al-durrayn fī ḥall al-nayyirayn li-al-shaykh al-imām al-ʻallāmah Yaḥyá ibn Muḥammad al-Ḥaṭṭāb.</subfield></datafield><datafield tag="510" ind1="4" ind2=" "><subfield code="a">GAL,</subfield><subfield code="c">Suppl. II, p. 537; King, Survey, p. 88.</subfield></datafield><datafield tag="520" ind1="8" ind2=" "><subfield code="a">Pp. [45-46] contain a short text with diagram entitled: Kitāb fī maʻrifat ḥall al-shams wa-al-qamar.</subfield></datafield><datafield tag="520" ind1=" " ind2=" "><subfield code="a">"An abridgement of the treatise by Ibn ʻAbd al-Ghaffār" called Silk al-durrayn, which is a commentary on Ibn al-Majdī's al-Durr al-yatīm, "auxiliary tables for compiling annual ephemerides for the sun and moon." David A. King, A Survey of the Scientific Manuscripts in the Egyptian National Library (Winona Lake, 1986), pp. 72, 85, and 88.</subfield></datafield><datafield tag="538" ind1=" " ind2=" "><subfield code="a">Mode of access: Internet.</subfield></datafield><datafield tag="541" ind1=" " ind2=" "><subfield code="d">07/--/36</subfield><subfield code="3">Manuscript</subfield><subfield code="a">McGregor Fund</subfield><subfield code="c">Purchase, 1933/34</subfield><subfield code="h">25 p.t.</subfield></datafield><datafield tag="545" ind1=" " ind2=" "><subfield code="a">Astronomer who lived and died in Mecca.</subfield></datafield><datafield tag="561" ind1=" " ind2=" "><subfield code="a">Purchased in Cairo, 1933/34. Owner's mark: inside cover, manuscript notes in handwriting of Max Meyerhof.</subfield></datafield><datafield tag="600" ind1="1" ind2="4"><subfield code="6">880-04</subfield><subfield code="a">Ibn al-Majdī, Shihāb al-Dīn Abū al-ʻAbbās Aḥmad ibn Rajab al-Qāhirī,</subfield><subfield code="d">1365-1447.</subfield><subfield code="t">Durr al-yatīm fī tas'hīl ṣināʻat al-taqwīm.</subfield></datafield><datafield tag="600" ind1="1" ind2="4"><subfield code="6">880-03</subfield><subfield code="a">Ibn ʻAbd al-Ghaffār, Shihāb al-Dīn Abū al-ʻAbbās Aḥmad ibn Mūsá,</subfield><subfield code="d">ca. 1527.</subfield><subfield code="t">Silk al-durrayn fī ḥall al-nayyirayn.</subfield></datafield><datafield tag="650" ind1=" " ind2="0"><subfield code="a">Sun</subfield><subfield code="y">Early works to 1800.</subfield></datafield><datafield tag="650" ind1=" " ind2="0"><subfield code="a">Astronomy, Arab</subfield><subfield code="y">Early works to 1800.</subfield></datafield><datafield tag="650" ind1=" " ind2="0"><subfield code="a">Manuscripts, Arabic</subfield><subfield code="z">Michigan</subfield><subfield code="z">Ann Arbor.</subfield></datafield><datafield tag="651" ind1=" " ind2="0"><subfield code="a">Moon</subfield><subfield code="x">Ephemerides</subfield><subfield code="y">Early works to 1800.</subfield></datafield><datafield tag="700" ind1="1" ind2=" "><subfield code="a">Meyerhof, Max,</subfield><subfield code="d">1874-1945,</subfield><subfield code="e">former owner.</subfield></datafield><datafield tag="773" ind1="0" ind2=" "><subfield code="a">Tracy W. McGregor Collection of Arabic, Persian, and Turkish Mathematical and Astronomical Manuscripts.</subfield><subfield code="7">unbc</subfield><subfield code="w">(CStRLIN)MIUH92-A20.</subfield></datafield><datafield tag="880" ind1="0" ind2="4"><subfield code="6">600-04/</subfield><subfield code="a">شهاب الدين أبو العباس أحمد بن رجب القاهري بن المجدي.</subfield><subfield code="t">در اليتيم في تسهيل سناعة التقويم.</subfield></datafield><datafield tag="880" ind1="0" ind2="4"><subfield code="6">600-03/</subfield><subfield code="a">شهاب الدين أبو العباس أحمد بن موسى بن عبد الغفار.</subfield><subfield code="t">سلك الدرين في حل النيرين.</subfield></datafield><datafield tag="880" ind1="1" ind2="0"><subfield code="6">245-02/</subfield><subfield code="a">مختصر سلك الدرين في حل النيرين :</subfield><subfield code="b">واستخراج الأهلة وحل العقدتين :</subfield><subfield code="k">manuscript،</subfield><subfield code="f">[1590 or 1].</subfield></datafield><datafield tag="880" ind1="0" ind2=" "><subfield code="6">100-01/</subfield><subfield code="a">يحيى بن محمد الحطاب.</subfield></datafield><datafield tag="CID" ind1=" " ind2=" "><subfield code="a">002594325</subfield></datafield><datafield tag="DAT" ind1="0" ind2=" "><subfield code="a">20190719102632.0</subfield><subfield code="b">20190719000000.0</subfield></datafield><datafield tag="DAT" ind1="1" ind2=" "><subfield code="a">20190719090653.0</subfield><subfield code="b">2019-07-19T16:10:37Z</subfield></datafield><datafield tag="DAT" ind1="2" ind2=" "><subfield code="a">2015-10-02T18:00:03Z</subfield></datafield><datafield tag="CAT" ind1=" " ind2=" "><subfield code="a">SDR-MIU</subfield><subfield code="d">EX LIBRIS - ALEPH</subfield><subfield code="l">prepare.pl-004-008</subfield></datafield><datafield tag="FMT" ind1=" " ind2=" "><subfield code="a">BK</subfield></datafield><datafield tag="HOL" ind1=" " ind2=" "><subfield code="0">sdr-miu002594325</subfield><subfield code="a">MiU</subfield><subfield code="b">SDR</subfield><subfield code="c">MIU</subfield><subfield code="p">mdp.39015081447263</subfield><subfield code="s">MIU</subfield><subfield code="1">002594325</subfield></datafield><datafield tag="974" ind1=" " ind2=" "><subfield code="b">MIU</subfield><subfield code="c">MIU</subfield><subfield code="d">20190719</subfield><subfield code="s">lit-dlps-dc</subfield><subfield code="u">mdp.39015081447263</subfield><subfield code="y">1591</subfield><subfield code="r">pd</subfield><subfield code="q">bib</subfield><subfield code="t">non-US bib date2 &lt; 1896</subfield></datafield></record></collection>